@article{kohler2008interactome,
  title={Walking the interactome for prioritization of candidate disease genes},
  author={K{\"o}hler, Sebastian and Bauer, Sebastian and Horn, Denise and Robinson, Peter N},
  journal={The American Journal of Human Genetics},
  volume={82},
  number={4},
  pages={949--958},
  year={2008},
  publisher={Elsevier}
}

@article{vanunu2010associating,
  title={Associating genes and protein complexes with disease via network propagation},
  author={Vanunu, Oron and Magger, Oded and Ruppin, Eytan and Shlomi, Tomer and Sharan, Roded},
  journal={PLoS computational biology},
  volume={6},
  number={1},
  pages={e1000641},
  year={2010},
  publisher={Public Library of Science}
}

@inproceedings{kipf2017semi,
  title={Semi-supervised classification with graph convolutional networks},
  author={Kipf, Thomas N and Welling, Max},
  booktitle={International Conference on Learning Representations (ICLR)},
  year={2017}
}

@inproceedings{velickovic2018graph,
  title={Graph attention networks},
  author={Veli{\v{c}}kovi{\'c}, Petar and Cucurull, Guillem and Casanova, Arantxa and Romero, Adriana and Lio, Pietro and Bengio, Yoshua},
  booktitle={International Conference on Learning Representations (ICLR)},
  year={2018}
}

@inproceedings{hamilton2017inductive,
  title={Inductive representation learning on large graphs},
  author={Hamilton, William L and Ying, Rex and Leskovec, Jure},
  booktitle={Advances in Neural Information Processing Systems},
  pages={1024--1034},
  year={2017}
}

@inproceedings{zhang2018link,
  title={Link prediction based on graph neural networks},
  author={Zhang, Muhan and Chen, Yixin},
  booktitle={Advances in Neural Information Processing Systems},
  pages={5165--5175},
  year={2018}
}

@article{zitnik2018modeling,
  title={Modeling polypharmacy side effects with graph convolutional networks},
  author={Zitnik, Marinka and Agrawal, Monica and Leskovec, Jure},
  journal={Bioinformatics},
  volume={34},
  number={13},
  pages={i457--i466},
  year={2018},
  publisher={Oxford University Press}
}

@inproceedings{choi2017gram,
  title={GRAM: Graph-based attention model for healthcare representation learning},
  author={Choi, Edward and Bahadori, Mohammad Taha and Song, Le and Stewart, Walter F and Sun, Jimeng},
  booktitle={Proceedings of the 23rd ACM SIGKDD International Conference on Knowledge Discovery and Data Mining},
  pages={787--795},
  year={2017}
}

@article{pinero2020disgenet,
  title={The DisGeNET knowledge platform for disease genomics: 2019 update},
  author={Pi{\~n}ero, Janet and Ram{\'\i}rez-Anguita, Juan Manuel and Sauch-Pitarch, Josep and Ronzano, Francesco and Centeno, Emilio and Sanz, Ferran and Furlong, Laura I},
  journal={Nucleic acids research},
  volume={48},
  number={D1},
  pages={D845--D855},
  year={2020},
  publisher={Oxford University Press}
}

@article{amberger2019omim,
  title={OMIM. org: leveraging knowledge across phenotype--gene relationships},
  author={Amberger, Joanna S and Bocchini, Carol A and Scott, Alan F and Hamosh, Ada},
  journal={Nucleic acids research},
  volume={47},
  number={D1},
  pages={D1038--D1043},
  year={2019},
  publisher={Oxford University Press}
}

@article{wang2019heterogeneous,
  title={Heterogeneous graph attention network},
  author={Wang, Xiao and Ji, Houye and Shi, Chuan and Wang, Bai and Ye, Yun and Cui, Peng and Yu, Philip S},
  journal={The World Wide Web Conference},
  pages={2022--2032},
  year={2019}
}

@article{yao2020heterogeneous,
  title={Heterogeneous graph neural networks for malicious account detection},
  author={Yao, Ziqi and Xu, Yizhou and Wang, Yanfu and Tong, Kyle and Xia, Jian and Dai, Sheng},
  journal={Proceedings of the 29th ACM International Conference on Information \& Knowledge Management},
  pages={2077--2085},
  year={2020}
}

@article{lee2019biobert,
  title={BioBERT: a pre-trained biomedical language representation model for biomedical text mining},
  author={Lee, Jinhyuk and Yoon, Wonjin and Kim, Sungdong and Kim, Donghyeon and Kim, Sunkyu and So, Chan Ho and Kang, Jaewoo},
  journal={Bioinformatics},
  volume={36},
  number={4},
  pages={1234--1240},
  year={2020},
  publisher={Oxford University Press}
}

@article{su2020network,
  title={Network embedding in biomedical data science},
  author={Su, Chang and Tong, Jiaqi and Zhu, Yin and Cui, Peng and Wang, Fei},
  journal={Briefings in bioinformatics},
  volume={21},
  number={1},
  pages={182--197},
  year={2020},
  publisher={Oxford University Press}
}

@article{li2021graph,
  title={Graph neural networks for drug discovery},
  author={Li, Zichen and Xu, Zihan and Li, Shuiwang and Fang, Yixin and Yen, Gary G},
  journal={arXiv preprint arXiv:2106.10234},
  year={2021}
}

@article{gaudelet2021utilising,
  title={Utilising graph machine learning within drug discovery and development},
  author={Gaudelet, Thomas and Day, Ben and Jamasb, Arian R and Soman, Jyothish and Regep, Cristian and Liu, Gertrude and Hayter, Jeremy BR and Vickers, Richard and Roberts, Charles and Tang, Jian and others},
  journal={Briefings in Bioinformatics},
  volume={22},
  number={6},
  pages={bbab159},
  year={2021},
  publisher={Oxford University Press}
}

@article{wu2021graph,
  title={Graph neural networks in network neuroscience},
  author={Wu, Zhihao and Pan, Shenglong and Chen, Fengwen and Long, Guodong and Zhang, Chengqi and Yu, Philip S},
  journal={Nature methods},
  volume={18},
  number={2},
  pages={116--118},
  year={2021},
  publisher={Nature Publishing Group}
}

@article{zhou2020graph,
  title={Graph neural networks: A review of methods and applications},
  author={Zhou, Jie and Cui, Ganqu and Hu, Shengding and Zhang, Zhengyan and Yang, Cheng and Liu, Zhiyuan and Wang, Lifeng and Li, Changcheng and Sun, Maosong},
  journal={AI Open},
  volume={1},
  pages={57--81},
  year={2020},
  publisher={Elsevier}
}

@article{do2023graph,
  title={Graph neural networks for drug development and discovery},
  author={Do, Kien and Pham, Truong Son and Nguyen, Thin and Tran, Thanh},
  journal={Drug Discovery Today},
  volume={28},
  number={3},
  pages={103510},
  year={2023},
  publisher={Elsevier}
}

@article{gaudelet2022graph,
  title={Graph learning for disease prognosis in biomedical discovery},
  author={Gaudelet, Thomas and Liu, Gertrude and Hayter, Jeremy BR and Jamasb, Arian R and Day, Ben and Roberts, Charles and Vickers, Richard and Tang, Jian and Ballester, Pedro J and Bender, Andreas and others},
  journal={Nature Machine Intelligence},
  volume={4},
  number={12},
  pages={1085--1098},
  year={2022},
  publisher={Nature Publishing Group UK London}
}

@inproceedings{perozzi2014deepwalk,
  title={DeepWalk: Online learning of social representations},
  author={Perozzi, Bryan and Al-Rfou, Rami and Skiena, Steven},
  booktitle={Proceedings of the 20th ACM SIGKDD international conference on Knowledge discovery and data mining},
  pages={701--710},
  year={2014}
}

@inproceedings{grover2016node2vec,
  title={node2vec: Scalable feature learning for networks},
  author={Grover, Aditya and Leskovec, Jure},
  booktitle={Proceedings of the 22nd ACM SIGKDD international conference on Knowledge discovery and data mining},
  pages={855--864},
  year={2016}
} 